@Manual{R-base,
  title = {R: A Language and Environment for Statistical Computing},
  author = {{R Core Team}},
  organization = {R Foundation for Statistical Computing},
  address = {Vienna, Austria},
  year = {2020},
  url = {https://www.R-project.org/},
}

@Manual{R-bookdown,
  title = {bookdown: Authoring Books and Technical Documents with R Markdown},
  author = {Yihui Xie},
  year = {2021},
  note = {R package version 0.24},
  url = {https://CRAN.R-project.org/package=bookdown},
}

@Manual{R-coda,
  title = {coda: Output Analysis and Diagnostics for MCMC},
  author = {Martyn Plummer and Nicky Best and Kate Cowles and Karen Vines and Deepayan Sarkar and Douglas Bates and Russell Almond and Arni Magnusson},
  year = {2020},
  note = {R package version 0.19-4},
  url = {https://CRAN.R-project.org/package=coda},
}

@Manual{R-dplyr,
  title = {dplyr: A Grammar of Data Manipulation},
  author = {Hadley Wickham and Romain François and Lionel Henry and Kirill Müller},
  year = {2021},
  note = {R package version 1.0.7},
  url = {https://CRAN.R-project.org/package=dplyr},
}

@Manual{R-ggmcmc,
  title = {ggmcmc: Tools for Analyzing MCMC Simulations from Bayesian Inference},
  author = {Xavier {Fernández i Marín}},
  year = {2021},
  note = {R package version 1.5.1.1},
  url = {https://CRAN.R-project.org/package=ggmcmc},
}

@Manual{R-ggplot2,
  title = {ggplot2: Create Elegant Data Visualisations Using the Grammar of Graphics},
  author = {Hadley Wickham and Winston Chang and Lionel Henry and Thomas Lin Pedersen and Kohske Takahashi and Claus Wilke and Kara Woo and Hiroaki Yutani and Dewey Dunnington},
  year = {2022},
  note = {R package version 3.3.6},
  url = {https://CRAN.R-project.org/package=ggplot2},
}

@Manual{R-jagsUI,
  title = {jagsUI: A Wrapper Around rjags to Streamline JAGS Analyses},
  author = {Ken Kellner},
  year = {2021},
  note = {R package version 1.5.2},
  url = {https://github.com/kenkellner/jagsUI},
}

@Manual{R-knitr,
  title = {knitr: A General-Purpose Package for Dynamic Report Generation in R},
  author = {Yihui Xie},
  year = {2022},
  note = {R package version 1.39},
  url = {https://yihui.org/knitr/},
}

@Manual{R-lattice,
  title = {lattice: Trellis Graphics for R},
  author = {Deepayan Sarkar},
  year = {2021},
  note = {R package version 0.20-44},
  url = {http://lattice.r-forge.r-project.org/},
}

@Manual{R-mcmcplots,
  title = {mcmcplots: Create Plots from MCMC Output},
  author = {S. McKay Curtis},
  year = {2018},
  note = {R package version 0.4.3},
  url = {https://CRAN.R-project.org/package=mcmcplots},
}

@Manual{R-nlme,
  title = {nlme: Linear and Nonlinear Mixed Effects Models},
  author = {José Pinheiro and Douglas Bates and {R-core}},
  year = {2021},
  note = {R package version 3.1-152},
  url = {https://svn.r-project.org/R-packages/trunk/nlme/},
}

@Manual{R-raster,
  title = {raster: Geographic Data Analysis and Modeling},
  author = {Robert J. Hijmans},
  year = {2022},
  note = {R package version 3.5-15},
  url = {https://rspatial.org/raster},
}

@Manual{R-rmarkdown,
  title = {rmarkdown: Dynamic Documents for R},
  author = {JJ Allaire and Yihui Xie and Jonathan McPherson and Javier Luraschi and Kevin Ushey and Aron Atkins and Hadley Wickham and Joe Cheng and Winston Chang and Richard Iannone},
  year = {2022},
  note = {R package version 2.14},
  url = {https://CRAN.R-project.org/package=rmarkdown},
}

@Manual{R-rpart,
  title = {rpart: Recursive Partitioning and Regression Trees},
  author = {Terry Therneau and Beth Atkinson},
  year = {2019},
  note = {R package version 4.1-15},
  url = {https://CRAN.R-project.org/package=rpart},
}

@Manual{R-sp,
  title = {sp: Classes and Methods for Spatial Data},
  author = {Edzer Pebesma and Roger Bivand},
  year = {2021},
  note = {R package version 1.4-5},
  url = {https://CRAN.R-project.org/package=sp},
}

@Manual{R-spatstat,
  title = {spatstat: Spatial Point Pattern Analysis, Model-Fitting, Simulation, Tests},
  author = {Adrian Baddeley and Rolf Turner and Ege Rubak},
  year = {2021},
  note = {R package version 2.2-0},
  url = {http://spatstat.org/},
}

@Manual{R-spatstat.core,
  title = {spatstat.core: Core Functionality of the spatstat Family},
  author = {Adrian Baddeley and Rolf Turner and Ege Rubak},
  year = {2021},
  note = {R package version 2.3-0},
  url = {http://spatstat.org/},
}

@Manual{R-spatstat.data,
  title = {spatstat.data: Datasets for spatstat Family},
  author = {Adrian Baddeley and Rolf Turner and Ege Rubak},
  year = {2021},
  note = {R package version 2.1-0},
  url = {http://spatstat.org/},
}

@Manual{R-spatstat.geom,
  title = {spatstat.geom: Geometrical Functionality of the spatstat Family},
  author = {Adrian Baddeley and Rolf Turner and Ege Rubak},
  year = {2021},
  note = {R package version 2.2-2},
  url = {http://spatstat.org/},
}

@Manual{R-spatstat.linnet,
  title = {spatstat.linnet: Linear Networks Functionality of the spatstat Family},
  author = {Adrian Baddeley and Rolf Turner and Ege Rubak},
  year = {2021},
  note = {R package version 2.3-0},
  url = {http://spatstat.org/},
}

@Manual{R-tidyr,
  title = {tidyr: Tidy Messy Data},
  author = {Hadley Wickham},
  year = {2021},
  note = {R package version 1.1.4},
  url = {https://CRAN.R-project.org/package=tidyr},
}

@Manual{R-ubms,
  title = {ubms: Bayesian Models for Data from Unmarked Animals using Stan},
  author = {Ken Kellner},
  year = {2021},
  note = {R package version 1.1.0},
  url = {https://kenkellner.com/ubms/},
}

@Manual{R-unmarked,
  title = {unmarked: Models for Data from Unmarked Animals},
  author = {Richard Chandler and Ken Kellner and Ian Fiske and David Miller and Andy Royle and Jeff Hostetler and Rebecca Hutchinson and Adam Smith},
  year = {2021},
  note = {R package version 1.1.1},
  url = {https://CRAN.R-project.org/package=unmarked},
}

@Book{bookdown2016,
  title = {bookdown: Authoring Books and Technical Documents with {R} Markdown},
  author = {Yihui Xie},
  publisher = {Chapman and Hall/CRC},
  address = {Boca Raton, Florida},
  year = {2016},
  note = {ISBN 978-1138700109},
  url = {https://bookdown.org/yihui/bookdown},
}

@Article{coda2006,
  title = {CODA: Convergence Diagnosis and Output Analysis for MCMC},
  author = {Martyn Plummer and Nicky Best and Kate Cowles and Karen Vines},
  journal = {R News},
  year = {2006},
  volume = {6},
  number = {1},
  pages = {7--11},
  url = {https://journal.r-project.org/archive/},
  pdf = {https://www.r-project.org/doc/Rnews/Rnews_2006-1.pdf},
}

@Article{ggmcmc2016,
  title = {{ggmcmc}: Analysis of {MCMC} Samples and {B}ayesian Inference},
  author = {Xavier Fern{\'a}ndez-i-Mar{\'i}n},
  journal = {Journal of Statistical Software},
  year = {2016},
  volume = {70},
  number = {9},
  pages = {1--20},
  doi = {10.18637/jss.v070.i09},
}

@Book{ggplot22016,
  author = {Hadley Wickham},
  title = {ggplot2: Elegant Graphics for Data Analysis},
  publisher = {Springer-Verlag New York},
  year = {2016},
  isbn = {978-3-319-24277-4},
  url = {https://ggplot2.tidyverse.org},
}

@Book{knitr2015,
  title = {Dynamic Documents with {R} and knitr},
  author = {Yihui Xie},
  publisher = {Chapman and Hall/CRC},
  address = {Boca Raton, Florida},
  year = {2015},
  edition = {2nd},
  note = {ISBN 978-1498716963},
  url = {https://yihui.org/knitr/},
}

@InCollection{knitr2014,
  booktitle = {Implementing Reproducible Computational Research},
  editor = {Victoria Stodden and Friedrich Leisch and Roger D. Peng},
  title = {knitr: A Comprehensive Tool for Reproducible Research in {R}},
  author = {Yihui Xie},
  publisher = {Chapman and Hall/CRC},
  year = {2014},
  note = {ISBN 978-1466561595},
  url = {http://www.crcpress.com/product/isbn/9781466561595},
}

@Book{lattice2008,
  title = {Lattice: Multivariate Data Visualization with R},
  author = {Deepayan Sarkar},
  publisher = {Springer},
  address = {New York},
  year = {2008},
  note = {ISBN 978-0-387-75968-5},
  url = {http://lmdvr.r-forge.r-project.org},
}

@Book{rmarkdown2018,
  title = {R Markdown: The Definitive Guide},
  author = {Yihui Xie and J.J. Allaire and Garrett Grolemund},
  publisher = {Chapman and Hall/CRC},
  address = {Boca Raton, Florida},
  year = {2018},
  note = {ISBN 9781138359338},
  url = {https://bookdown.org/yihui/rmarkdown},
}

@Book{rmarkdown2020,
  title = {R Markdown Cookbook},
  author = {Yihui Xie and Christophe Dervieux and Emily Riederer},
  publisher = {Chapman and Hall/CRC},
  address = {Boca Raton, Florida},
  year = {2020},
  note = {ISBN 9780367563837},
  url = {https://bookdown.org/yihui/rmarkdown-cookbook},
}

@Article{sp2005,
  author = {Edzer J. Pebesma and Roger S. Bivand},
  title = {Classes and methods for spatial data in {R}},
  journal = {R News},
  year = {2005},
  volume = {5},
  number = {2},
  pages = {9--13},
  month = {November},
  url = {https://CRAN.R-project.org/doc/Rnews/},
}

@Book{sp2013,
  author = {Roger S. Bivand and Edzer Pebesma and Virgilio Gomez-Rubio},
  title = {Applied spatial data analysis with {R}, Second edition},
  year = {2013},
  publisher = {Springer, NY},
  url = {https://asdar-book.org/},
}

@Book{spatstat2015,
  title = {Spatial Point Patterns: Methodology and Applications with {R}},
  author = {Adrian Baddeley and Ege Rubak and Rolf Turner},
  year = {2015},
  publisher = {Chapman and Hall/CRC Press},
  address = {London},
  url = {https://www.routledge.com/Spatial-Point-Patterns-Methodology-and-Applications-with-R/Baddeley-Rubak-Turner/9781482210200/},
}

@Article{spatstat2013,
  title = {Hybrids of Gibbs Point Process Models and Their Implementation},
  author = {Adrian Baddeley and Rolf Turner and Jorge Mateu and Andrew Bevan},
  journal = {Journal of Statistical Software},
  year = {2013},
  volume = {55},
  number = {11},
  pages = {1--43},
  url = {https://www.jstatsoft.org/v55/i11/},
}

@Article{spatstat2005,
  title = {{spatstat}: An {R} Package for Analyzing Spatial Point Patterns},
  author = {Adrian Baddeley and Rolf Turner},
  journal = {Journal of Statistical Software},
  year = {2005},
  volume = {12},
  number = {6},
  pages = {1--42},
  url = {https://www.jstatsoft.org/v12/i06/},
}

@Book{spatstat.core2015,
  title = {Spatial Point Patterns: Methodology and Applications with {R}},
  author = {Adrian Baddeley and Ege Rubak and Rolf Turner},
  year = {2015},
  publisher = {Chapman and Hall/CRC Press},
  address = {London},
  url = {https://www.routledge.com/Spatial-Point-Patterns-Methodology-and-Applications-with-R/Baddeley-Rubak-Turner/9781482210200/},
}

@Article{spatstat.core2013,
  title = {Hybrids of Gibbs Point Process Models and Their Implementation},
  author = {Adrian Baddeley and Rolf Turner and Jorge Mateu and Andrew Bevan},
  journal = {Journal of Statistical Software},
  year = {2013},
  volume = {55},
  number = {11},
  pages = {1--43},
  url = {https://www.jstatsoft.org/v55/i11/},
}

@Article{spatstat.core2005,
  title = {{spatstat}: An {R} Package for Analyzing Spatial Point Patterns},
  author = {Adrian Baddeley and Rolf Turner},
  journal = {Journal of Statistical Software},
  year = {2005},
  volume = {12},
  number = {6},
  pages = {1--42},
  url = {https://www.jstatsoft.org/v12/i06/},
}

@Book{spatstat.geom2015,
  title = {Spatial Point Patterns: Methodology and Applications with {R}},
  author = {Adrian Baddeley and Ege Rubak and Rolf Turner},
  year = {2015},
  publisher = {Chapman and Hall/CRC Press},
  address = {London},
  url = {https://www.routledge.com/Spatial-Point-Patterns-Methodology-and-Applications-with-R/Baddeley-Rubak-Turner/9781482210200/},
}

@Article{spatstat.geom2013,
  title = {Hybrids of Gibbs Point Process Models and Their Implementation},
  author = {Adrian Baddeley and Rolf Turner and Jorge Mateu and Andrew Bevan},
  journal = {Journal of Statistical Software},
  year = {2013},
  volume = {55},
  number = {11},
  pages = {1--43},
  url = {https://www.jstatsoft.org/v55/i11/},
}

@Article{spatstat.geom2005,
  title = {{spatstat}: An {R} Package for Analyzing Spatial Point Patterns},
  author = {Adrian Baddeley and Rolf Turner},
  journal = {Journal of Statistical Software},
  year = {2005},
  volume = {12},
  number = {6},
  pages = {1--42},
  url = {https://www.jstatsoft.org/v12/i06/},
}

@Book{spatstat.linnet2015,
  title = {Spatial Point Patterns: Methodology and Applications with {R}},
  author = {Adrian Baddeley and Ege Rubak and Rolf Turner},
  year = {2015},
  publisher = {Chapman and Hall/CRC Press},
  address = {London},
  url = {https://www.routledge.com/Spatial-Point-Patterns-Methodology-and-Applications-with-R/Baddeley-Rubak-Turner/9781482210200/},
}

@Article{spatstat.linnet2013,
  title = {Hybrids of Gibbs Point Process Models and Their Implementation},
  author = {Adrian Baddeley and Rolf Turner and Jorge Mateu and Andrew Bevan},
  journal = {Journal of Statistical Software},
  year = {2013},
  volume = {55},
  number = {11},
  pages = {1--43},
  url = {https://www.jstatsoft.org/v55/i11/},
}

@Article{spatstat.linnet2005,
  title = {{spatstat}: An {R} Package for Analyzing Spatial Point Patterns},
  author = {Adrian Baddeley and Rolf Turner},
  journal = {Journal of Statistical Software},
  year = {2005},
  volume = {12},
  number = {6},
  pages = {1--42},
  url = {https://www.jstatsoft.org/v12/i06/},
}

@Article{ubms2021,
  title = {{ubms}: An {R} package for fitting hierarchical occupancy and N-mixture abundance models in a Bayesian framework},
  author = {Kenneth F. Kellner and Nicholas L. Fowler and Tyler R. Petroelje and Todd M. Kautz and Dean E. Beyer and Jerrold L. Belant},
  journal = {Methods in Ecology and Evolution},
  year = {2021},
}

@Article{unmarked2011,
  title = {{unmarked}: An {R} Package for Fitting Hierarchical Models of Wildlife Occurrence and Abundance},
  author = {Ian Fiske and Richard Chandler},
  journal = {Journal of Statistical Software},
  year = {2011},
  volume = {43},
  number = {10},
  pages = {1--23},
  url = {https://www.jstatsoft.org/v43/i10/},
}

